<?xml version="1.0" encoding="UTF-8"?><collection xmlns="http://www.loc.gov/MARC21/slim"><record><leader>00586nam--2200217-u-4500</leader><controlfield tag="001">000055099</controlfield><controlfield tag="002">20161230</controlfield><controlfield tag="005">20161230201052</controlfield><controlfield tag="008">121031s1000------------r-----000-0-rus-d</controlfield><datafield ind1=" " ind2=" " tag="040"><subfield code="a">IFIN-HH</subfield></datafield><datafield ind1=" " ind2=" " tag="041"><subfield code="a">rus</subfield></datafield><datafield ind1=" " ind2=" " tag="080"><subfield code="a">538.9=03.20=82</subfield></datafield><datafield ind1="1" ind2=" " tag="100"><subfield code="a">Ashcroft, Neil W</subfield></datafield><datafield ind1="1" ind2="0" tag="245"><subfield code="a">Fizika tverdogo tela</subfield><subfield code="c">Neil w. ashcroft, n.david mermin</subfield></datafield><datafield ind1=" " ind2=" " tag="260"><subfield code="a">Moska</subfield><subfield code="b">Mir</subfield><subfield code="c">1979</subfield></datafield><datafield ind1=" " ind2=" " tag="300"><subfield code="a">2 VOLUME</subfield></datafield><datafield ind1=" " ind2=" " tag="500"><subfield code="a">Titlul Original In Limba Engleza: Solid State Physics</subfield></datafield><datafield ind1="1" ind2=" " tag="700"><subfield code="a">Mermin, N.David</subfield></datafield><datafield ind1="1" ind2=" " tag="787"><subfield code="a">Volume 2</subfield><subfield code="d">422p</subfield></datafield><datafield ind1=" " ind2=" " tag="852"><subfield code="a">48720</subfield><subfield code="c">539.2</subfield></datafield><datafield ind1=" " ind2=" " tag="CAT"><subfield code="a">Sys</subfield><subfield code="c">20121031</subfield><subfield code="h">162924</subfield></datafield></record></collection>